@misc{
    AIwiki,
    title = "Artificial intelligence in video games",
    key = "AI in games",
    note = "[Online, accessed 12.08.2022]",
    year = 2022,
    url = "https://en.wikipedia.org/wiki/Artificial_intelligence_in_video_games"
}

@misc{
    VideoGameWiki,
    title = "Video game",
    note = "[Online, accessed 12.08.2022]",
    key = "Game Wiki",
    year = 2022,
    url = "https://en.wikipedia.org/wiki/Video_game"
}

@misc{
    FuzzyAIGames,
    title = "The use of Fuzzy Logic for Artificial Intelligence in Games",
    author = "Michele Pirovano",
    year = 2012,
    url = "https://www.michelepirovano.com/pdf/fuzzy_ai_in_games.pdf"
}

@article{
    IllusionOfIntelligece,
    title={The Illusion of Intelligence},
    author={Steve Rabin},
    journal={Game AI Pro 3},
    year={2017},
    publisher={CRC Press},
    volume={3}
}

@article{
    AnthropomorphicCharacters,
    title={Anthropomorphic Character on Prototyping Cognitive Video Game for Preschoolers},
    author={Endah Sudarmilah and Adhi Susanto and Ridi Ferdiana and Neila Ramdhani},
    journal={International Journal of Multimedia and Ubiquitous Engineering},
    year={2017},
    publisher={GV Press},
    volume={12},
    number={10},
    pages={37--44},
}

@article{
    DeepLearningGO,
    title={Deep Learning and the Game of Go},
    author={Max Pumperla and Kevin Ferguson},
    journal={Foreword Foreword by Thore Graepel},
    year={2019},
    publisher={Manning},
}

@misc{
    UnitySoftware,
    author = {{Unity Technologies}},
    title = {Unity},
    url = {https://unity.com/},
    version = {2021.3.7f1},
    date = {2022-06-14},
    year = {2017}
}

@misc{
    GameProgrammingPattersFMS,
    title={Game Programming Patterns},
    author={Robert Nystrom},
    year={2014},
    publisher={Genever Benning},
}

@article{
    BehaviourTreeStarterPack,
    title={The Behavior Tree Starter Kit},
    author={Alex J. Champandard and Philip Dunstan},
    journal={Game AI Pro},
    year={2013},
    publisher={CRC Press},
}

@article{
    BehaviourSelectionAlgorithms,
    title={Behavior Selection Algorithms},
    author={Michael Dawe and Steve Gargolinski and Luke Dicken and Troy Humphreys and Dave Mark},
    journal={Game AI Pro},
    year={2013},
    publisher={CRC Press},
}

@article{
    ForbiddenScripting,
    title={Plumbing the Forbidden Depths of Scripting and AI},
    author={Mike Lewis},
    journal={Game AI Pro},
    year={2013},
    publisher={CRC Press},
}

@article{
    FuzzyLogicBasedGameSystem,
    title = {Developing a fuzzy logic based game system},
    author = {Köse Utku},
    year = {2012},
    month = {01},
    pages = {510-517},
    volume = {3},
    journal = {Computer Technology and Application}
}

@incollection{
    CombinatorialBombing,
    author = {Michael Zarozinski},
    title = {Imploding Combinatorial Explosion in a Fuzzy System},
    booktitle = {Game Programming Gems 2},
    editor = {Mark DeLoura},
    publisher = {Charles River Media},
    year = {2001},
    pages = {342--350}
}

@article{
    FlocksReynolds,
    title = {Flocks, herds and schools: A distributed behavioral model},
    author = {Craig W Reynolds},
    year = {1987},
    month = {08},
    pages = {25-34},
    volume = {1},
    journal = {Proceedings of the 14th annual conference on Computer graphics and interactive techniques}
}

@article{
    FlockingBehaviour,
    author = {Fathy Heba and Raouf Osama and Abd elkader Hatem},
    year = {2015},
    month = {02},
    pages = {PDC64-PDC67},
    title = {Flocking behaviour of group movement in real strategy games},
    journal = {2014 9th International Conference on Informatics and Systems, INFOS 2014},
    doi = {10.1109/INFOS.2014.7036679}
}

@article{
    GameAIGeneticAlg,
    title={Game Balancing using Genetic Algorithms to Generate Player Agents},
    author={Kazuko Manabe and Youichiro Miyake},
    journal={Game AI Pro – Online Edition},
    year={2021},
    publisher={CRC Press},
}

@article{
    FOEAD2021507,
    title = {A Systematic Literature Review of A* Pathfinding},
    journal = {Procedia Computer Science},
    volume = {179},
    pages = {507-514},
    year = {2021},
    note = {5th International Conference on Computer Science and Computational Intelligence 2020},
    issn = {1877-0509},
    doi = {https://doi.org/10.1016/j.procs.2021.01.034},
    url = {https://www.sciencedirect.com/science/article/pii/S1877050921000399},
    author = {Daniel Foead and Alifio Ghifari and Marchel Budi Kusuma and Novita Hanafiah and Eric Gunawan},
    keywords = {A-Star, Pathfinding, Heuristic function, HPA-STAR},
}

@misc{
    MLAgents,
    author = {Juliani, A. and Berges, V. and  Teng, E. and  Cohen, A. and Harper, J. and Elion, C. and Goy, C. and Gao, Y. and Henry, H. and Mattar, M. and Lange, D.},
    doi = {arXiv:1809.02627},
    title = {Unity: A General Platform for Intelligent Agents},
    url = {https://github.com/Unity-Technologies/ml-agents},
    version = {2.0.4},
    year = {2020}
}

@misc{
    LocalOptimum,
    title = "Local optimum",
    note = "[Online, accessed 13.08.2022]",
    key = "Local Optima",
    year = 2022,
    url = "https://en.wikipedia.org/wiki/Local_optimum"
}

@article{
    CurrentAIGames,
    title = {Current AI in games : a review},
    journal = {Australian Journal of Intelligent Information Processing Systems},
    year = {2002},
    volume = {8},
    pages = {24-42},
    issn = {1321-2133},
    url = {https://eprints.qut.edu.au/45741/1/AJIIPS_paper.pdf},
    author = {Sweetser, Penelope and Wiles, Janet},
}

@book{
    PythonManual,
    title={Python reference manual},
    author={Van Rossum, Guido and Drake Jr, Fred L},
    year={1995},
    publisher={Centrum voor Wiskunde en Informatica Amsterdam}
}

@InProceedings{
    CuriosityExploration,
    title = 	 {Curiosity-driven Exploration by Self-supervised Prediction},
    author =       {Deepak Pathak and Pulkit Agrawal and Alexei A. Efros and Trevor Darrell},
    booktitle = 	 {Proceedings of the 34th International Conference on Machine Learning},
    pages = 	 {2778--2787},
    year = 	 {2017},
    editor = 	 {Precup, Doina and Teh, Yee Whye},
    volume = 	 {70},
    series = 	 {Proceedings of Machine Learning Research},
    month = 	 {06--11 Aug},
    publisher =    {PMLR},
    pdf = 	 {http://proceedings.mlr.press/v70/pathak17a/pathak17a.pdf},
    url = 	 {https://proceedings.mlr.press/v70/pathak17a.html},
}

@misc{
    ExplorationRND,
    doi = {10.48550/ARXIV.1810.12894},
    url = {https://arxiv.org/abs/1810.12894},
    author = {Burda, Yuri and Edwards, Harrison and Storkey, Amos and Klimov, Oleg},
    keywords = {Machine Learning (cs.LG), Artificial Intelligence (cs.AI), Machine Learning (stat.ML), FOS: Computer and information sciences, FOS: Computer and information sciences},
    title = {Exploration by Random Network Distillation},
    publisher = {arXiv},
    year = {2018},
    copyright = {arXiv.org perpetual, non-exclusive license}
}

@misc{
    GAIL,
    doi = {10.48550/ARXIV.1606.03476},
    url = {https://arxiv.org/abs/1606.03476},
    author = {Ho, Jonathan and Ermon, Stefano},
    keywords = {Machine Learning (cs.LG), Artificial Intelligence (cs.AI), FOS: Computer and information sciences, FOS: Computer and information sciences},
    title = {Generative Adversarial Imitation Learning},
    publisher = {arXiv},
    year = {2016},
    copyright = {arXiv.org perpetual, non-exclusive license}
}

@misc{
    SurvivorBias,
    doi = {10.48550/ARXIV.1809.02925},
    url = {https://arxiv.org/abs/1809.02925},
    author = {Kostrikov, Ilya and Agrawal, Kumar Krishna and Dwibedi, Debidatta and Levine, Sergey and Tompson, Jonathan},
    keywords = {Machine Learning (cs.LG), Machine Learning (stat.ML), FOS: Computer and information sciences, FOS: Computer and information sciences},
    title = {Discriminator-Actor-Critic: Addressing Sample Inefficiency and Reward Bias in Adversarial Imitation Learning},
    publisher = {arXiv},
    year = {2018},
    copyright = {arXiv.org perpetual, non-exclusive license}
}

@article{
    TuringMachine,
    ISSN = {00264423, 14602113},
    URL = {http://www.jstor.org/stable/2251299},
    author = {A. M. Turing},
    journal = {Mind},
    number = {236},
    pages = {433--460},
    publisher = {[Oxford University Press, Mind Association]},
    title = {Computing Machinery and Intelligence},
    volume = {59},
    year = {1950}
}

@article{
    openAIGym,
    title={Openai gym},
    author={Brockman, Greg and Cheung, Vicki and Pettersson, Ludwig and Schneider, Jonas and Schulman, John and Tang, Jie and Zaremba, Wojciech},
    journal={arXiv preprint arXiv:1606.01540},
    year={2016}
}

@misc{
    KWA,
    author = {Jovan Prodanov},
    title = {Knight Wolf's Adventure},
    url = {https://github.com/wrathchild14/Side-Scroller},
    version = {1.0},
    year = {2022}
}
